2252 3624
686 195 918 240 LIBER
989 195 1292 240 PRIMVS.
1755 213 1808 262 37

226 304 321 336 tum
335 289 454 336 milia
469 325 479 335 .
547 290 574 335 S
585 289 640 336 ed
652 294 741 336 eius
764 307 916 354 pugnae
931 289 1039 342 mala
1051 289 1140 337 sors
1162 291 1443 341 veliementer
1463 293 1616 341 incidit
1640 296 1809 342 Lucen-

225 355 331 403 sium
346 393 356 410 ‚
374 355 636 403 Pratenfium
651 393 661 410 ,
678 355 997 402 Orbitanorurn
1014 394 1024 410 ‚
1038 361 1086 422 Δὃ(
1102 359 1438 408 Bononienfiurn
1453 360 1623 408 auxiliis
1639 380 1650 414 ;
1667 379 1804 426 quum

225 426 550 488 Germanis‚qui
566 424 675 470 caesae
688 423 743 469 ad
758 422 1048 469 petronellam
1063 423 1134 469 alae
1148 443 1374 488 parentare
1388 428 1619 494 cupiebant
1633 464 1643 482 ,
1658 428 1728 475 vel
1741 433 1805 474 in-

224 490 401 536 deditos
417 494 457 537 ὃ(
482 505 630 555 captos
645 487 1205 541 1'aeuientibus,0ccurri1Tent
1220 528 1229 537 .
1275 496 1513 556 Pugnatum
1529 494 1588 541 est
1600 513 1738 560 prope
1749 495 1806 543 ad

224 561 549 603 internitionem
577 553 767 620 Guelphi
782 559 969 600 nominis
987 591 998 608 ,
1017 556 1156 619 pridie
1182 558 1339 603 Nonas
1365 561 1629 624 Septembris
1645 580 1759 609 anno
1777 562 1804 608 ἃ

223 640 347 688 partu
362 625 559 687 Virginis
574 620 848 684 Sexagesimo
863 620 984 685 supra
998 620 1113 667 mille
1125 625 1166 668 ὃ(
1191 621 1403 669 ducentos
1421 661 1429 670 .
1469 627 1601 674 Nulla
1615 633 1801 676 omnino

224 690 453 736 Florentiae
466 688 625 735 domus
638 686 770 734 cladis
785 690 823 734 &
839 685 973 733 luatis
989 706 1139 753 expers
1155 687 1232 734 fuit
1246 709 1258 742 3
1272 689 1562 756 corruisseque
1577 698 1723 739 ciuitas
1737 699 1800 741 vi-

223 756 409 805 debatur
421 791 432 808 ‚
447 773 581 820 quum
602 752 828 801 miserabili
853 753 1008 800 eiulatu
1032 754 1288 821 planffituque
1304 762 1446 803 omnis
1472 757 1589 804 sexus
1602 796 1615 812 ,
1642 764 1772 805 aetatis
1785 797 1799 814 ‚

221 841 350 888 atque
363 821 529 868 ordinis
544 823 693 868 cunfia
707 819 1300 885 complerentur.Optimates
1315 828 1458 888 itaque
1472 827 1511 871 ὅ(
1528 824 1669 889 plebei
1685 825 1801 874 Guel

223 889 320 957 phae
334 888 532 935 fafflonis
548 886 777 953 desperatis
793 886 919 934 rebus
935 903 1031 933 ante
1044 891 1219 934 meroris
1233 890 1467 937 aduentum
1478 891 1582 938 vrbe
1594 890 1801 957 profuge-

221 971 322 1004 runt
336 975 346 1008 ;
362 955 565 1002 Iordanes
579 956 686 1001 verb
698 959 808 1001 intra
820 972 981 1018 paucos
996 954 1087 1001 dies
1103 957 1346 1003 Farinatam
1359 957 1619 1024 caeterosque
1646 958 1799 1006 Gibel-

221 1023 334 1070 linos
348 1027 391 1068 in
404 1026 585 1087 patriani
602 1021 774 1068 reduxit
787 1058 796 1068 .
813 1020 1056 1068 Constituta
1068 1037 1212 1069 autem
1229 1022 1474 1087 Republica
1486 1024 1801 1091 ‚Guidoneque

221 1087 416 1137 Nouello
431 1087 606 1135 Iordani
619 1085 789 1134 suffesto
803 1124 815 1142 ,
829 1089 949 1153 quod
961 1092 994 1134 is
1011 1105 1240 1135 reuocatus
1255 1090 1279 1136 ὲ
1294 1094 1418 1155 Rege
1433 1090 1673 1158 Neapolim
1688 1091 1802 1139 redi-

221 1155 294 1203 bat
306 1192 316 1210 ‚
333 1154 568 1202 Florentini
583 1153 838 1202 Lucensibus
853 1153 1013 1201 bellum
1026 1154 1282 1210 intulerunt,
1298 1158 1420 1223 quod
1433 1159 1547 1225 apud
1561 1176 1637 1206 eos
1665 1158 1801 1207 Guel-

220 1222 412 1290 phorum
426 1220 615 1287 reliquiae
638 1221 828 1286 Tegiaio
856 1220 1151 1269 Aldobrando
1165 1223 1346 1271 authore
1360 1227 1401 1272 &
1427 1224 1535 1273 duce
1548 1244 1668 1273 arma
1689 1225 1802 1274 resu-

220 1303 413 1337 merent.
449 1290 670 1336 Caeterum
694 1287 907 1335 Nouellus
929 1294 1179 1352 expugnatis
1204 1289 1367 1355 aliquot
1382 1290 1582 1346 castellis,
1599 1309 1698 1339 cum
1714 1296 1800 1339 Lu-

222 1354 409 1403 cenfium
422 1354 680 1420 exulumque
694 1359 881 1402 exercitu
897 1353 1098 1420 prospere
1114 1354 1334 1403 conflixit.
1373 1359 1436 1403 Eo
1451 1362 1492 1404 in
1505 1357 1654 1423 praelio
1679 1361 1799 1406 Bon-

222 1422 468 1469 delmontes
481 1437 780 1486 cognomento
794 1423 924 1468 Cicer
949 1420 1256 1486 Guelpliorum
1278 1428 1477 1489 princeps
1491 1462 1505 1478 ,
1527 1424 1689 1472 crudeli
1703 1425 1799 1472 casu

221 1487 470 1536 interfectus
485 1486 545 1534 est
559 1526 568 1536 .
603 1491 735 1536 Hunc
748 1502 942 1553 ereptum
959 1488 1136 1535 “emedia
1151 1489 1266 1536 caede
1279 1492 1474 1537 Farinata
1485 1496 1526 1536 in
1540 1495 1639 1557 equi
1654 1491 1799 1539 clunes

221 1554 435 1603 sustulerat
450 1592 461 1609 ‚
475 1571 520 1602 vt
534 1554 777 1603 humaniter
790 1555 1082 1607 conservaret,
1097 1554 1416 1622 parcebantque
1430 1561 1467 1604 ei
1482 1556 1549 1604 vel
1562 1555 1702 1605 efferri
1717 1557 1800 1606 ho·-

220 1622 301 1670 stes
317 1622 521 1686 dignitate
545 1625 751 1670 farinatae
764 1625 952 1688 permoti
968 1620 1061 1674 3sed
1076 1624 1224 1668 Petrus
1249 1625 1450 1670 Farinatae
1461 1641 1691 1688 germanus
1714 1623 1801 1672 fra-

223 1704 288 1737 ter
300 1694 367 1736 cui
384 1688 537 1736 Afinus
552 1700 799 1754 cognomen
814 1688 914 1741 fuit,
932 1692 997 1734 vir
1009 1703 1134 1733 atrox
1151 1691 1191 1734 ὃ(
1212 1687 1502 1752 sanguinarius
1524 1695 1696 1754 captiuo
1708 1708 1800 1739 non

222 1761 482 1822 pepercit,vt
495 1761 566 1820 qui
581 1774 680 1803 eum
695 1755 821 1803 clauae
835 1753 981 1800 ferrea·
993 1755 1077 1799 itin
1090 1759 1132 1799 in
1146 1770 1271 1819 tergo
1285 1754 1426 1801 fratris
1441 1756 1665 1810 occiderit3
1681 1757 1801 1805 dete-

220 1822 413 1871 stanteid
428 1821 595 1869 foedum
620 1822 750 1870 scelus
778 1823 1026 1869 Farinata&
1052 1819 1288 1886 plurimum
1312 1821 1564 1887 indignante
1587 1823 1708 1888 quod
1721 1823 1798 1871 fibi

221 1889 459 1937 clementiae
473 1888 559 1935 laus
575 1893 841 1936 immanitate
856 1886 994 1934 fratris
1009 1893 1247 1952 eriperetur
1260 1925 1269 1935 .
1289 1890 1390 1936 Nec
1404 1889 1594 1954 Guclphi
1610 1889 1678 1937 vel
1693 1890 1797 1938 dua-

222 1956 300 2002 bus
315 1960 443 2002 attriti
458 1955 651 2004 cladibus
665 1960 815 2003 animis
833 1954 872 2002 se
893 1954 1154 2002 demiserunt
1168 1974 1179 2007 ς
1196 1955 1558 2003 Commouebant
1571 1962 1686 2003 enim
1700 1956 1739 2004 se
1753 1962 1798 2005 in

221 2021 412 2069 Aemilia
425 2059 436 2076 ‚
451 2026 492 2069 &
518 2022 650 2069 missis
665 2020 952 2086 legationibus
977 2021 1031 2068 ad
1056 2022 1317 2069 Conradum
1344 2041 1527 2088 puerum
1542 2028 1583 2069 in
1609 2027 1799 2071 Germa-

219 2091 396 2143 niam‚&
410 2093 451 2135 in
466 2089 651 2137 Galliam
666 2090 721 2136 ad
734 2088 945 2136 Cat-olum
963 2088 1321 2153 Andegauensem
1335 2128 1348 2144 ,
1362 2090 1551 2155 vndique
1566 2089 1798 2137 Gibellinis

220 2159 261 2204 ὃ(
278 2154 512 2203 Manfredo
527 2155 686 2203 bellum
701 2155 997 2203 concitabant.
1037 2154 1218 2221 Qibus
1245 2161 1429 2221 cognitis
1445 2157 1570 2203 rebus
1588 2155 1800 2203 Gibellini

220 2223 274 2270 ad
289 2225 543 2287 Emporium
561 2222 774 2287 oppidum
787 2222 944 2269 Pisana?
957 2227 1034 2269 vice
1048 2221 1360 2286 impofitum‚vt
1376 2224 1430 2270 de
1443 2223 1607 2270 summa
1621 2221 1801 2270 sustinen

219 2290 263 2338 di
279 2287 578 2355 inserendique
591 2288 689 2335 belli
705 2287 1242 2342 consultarent,concilium
1259 2290 1504 2336 indixerunt
1517 2325 1529 2337 .
1565 2292 1801 2337 conuene-

221 2376 266 2403 re
284 2358 591 2408 Aretinorum,
610 2354 854 2402 Senensium
870 2392 881 2409 ‚
897 2354 1147 2401 pisanorum
1164 2358 1203 2402 ὃ(
1218 2354 1536 2401 Pistorienfium
1551 2356 1800 2419 legationes,

221 2430 411 2488 itemque
439 2422 651 2471 Vbaldini
666 2425 704 2468 ὅ(
732 2421 901 2468 Alberti
917 2426 958 2466 in
984 2422 1522 2487 Apenninoprrcpotentes
1534 2459 1544 2476 ,
1570 2426 1610 2470 &
1638 2426 1800 2470 Sanfiae

223 2489 360 2536 Flora:
375 2488 509 2554 reguli
537 2487 786 2535 Senensibus
812 2486 1072 2536 contributi.
1111 2490 1296 2536 Praeerat
1317 2487 1506 2537 concilio
1522 2490 1679 2536 Guido
1698 2491 1801 2537 No-

221 2555 353 2602 uellus
369 2553 602 2602 Mutilianae
616 2556 823 2608 Comesss}
841 2555 1099 2601 Guidonum
1112 2556 1341 2601 Comitum
1355 2571 1495 2621 gente3
1511 2555 1803 2622 disputabatur

221 2626 349 2669 variis
364 2621 577 2668 sententiis
593 2623 647 2668 de
662 2625 828 2668 ratione
851 2621 1158 2669 confirmandae
1181 2627 1385 2687 potentia:
1397 2660 1408 2677 ‚
1421 2622 1543 2689 quod
1557 2641 1722 2687 magnae
1735 2641 1802 2671 re-

221 2707 318 2736 rum
334 2687 597 2736 difficultates
613 2686 946 2738 deliberantibus
970 2701 1273 2736 occurrerent:
1290 2708 1387 2739 cum
1400 2704 1580 2755 propter
1603 2708 1801 2737 rumores

223 2754 382 2802 Gallici
397 2770 621 2820 apparatus
637 2758 678 2801 &
703 2757 951 2802 Germanos
963 2760 1006 2801 in
1021 2754 1301 2803 Manfredum
1315 2763 1555 2804 concitatos
1567 2793 1579 2811 ‚
1594 2771 1686 2803 tum
1700 2775 1805 2822 pro-

221 2837 318 2888 pter
333 2821 576 2868 Turrianos
603 2824 821 2887 Principes
836 2826 876 2868 in
900 2821 1118 2888 Cisalpina
1143 2822 1286 2869 Gallia
1307 2823 1470 2889 aliquot
1484 2828 1570 2870 iam
1594 2828 1725 2889 partis
1740 2828 1805 2871 vi-

223 2887 630 2940 &oriis‚Gibellinos
647 2889 856 2935 acerrime
870 2889 1529 2956 persequentes,Romanumque
1544 2890 1803 2939 Pontificem

223 2974 276 3002 ex
290 2953 479 3019 professo
495 2953 722 3021 Guelplios
735 2954 914 3002 mirifice
928 2954 1217 3002 subleuantem
1235 2994 1244 3004 .
1272 2957 1445 3006 Verum
1460 2956 1580 3022 supra
1591 2955 1683 3005 haec
1697 2976 1803 3005 con-

224 3021 466 3069 sultantium
482 3036 645 3068 mentes
658 3025 860 3086 grauiore
875 3038 990 3069 metu
1004 3021 1314 3088 perturbabant
1327 3028 1518 3072 minores
1550 3023 1701 3091 populi
1718 3023 1799 3070 Flo

225 3091 380 3138 rentini
395 3086 628 3155 claffe5,qui
640 3088 694 3137 ab
706 3086 831 3138 infito
844 3087 989 3138 studio
1006 3086 1259 3156 Guclphum
1273 3090 1479 3207 colerenti
1478 3109 1537 3138 no
1546 3093 1706 3203 mgni?
1724 3091 1804 3135 Gi-

1628 3174 1648 3204 e
1682 3171 1802 3202 inum
