2252 3624
534 175 829 223 ,Li-nuk:
871 176 1270 228 SE-PTJMVS·
1713 199 1785 246 337

183 274 265 323 bro
289 288 544 340 peruagatus
569 279 699 322 etiam
724 272 887 322 Africae
910 280 1102 323 ciuitates
1116 275 1244 342 vsque
1267 274 1323 323 ad
1347 274 1615 324 Atlanticum
1631 279 1778 326 Ocea-

180 361 282 389 num
299 379 309 395 ,
325 340 397 388 vbi
412 341 610 389 aduersus
636 341 850 392 Barbaros
868 341 1086 390 Lui‘ttaniae
1104 345 1216 407 Regi
1232 361 1410 408 operam
1426 362 1583 391 nauans
1600 381 1609 398 ,
1626 347 1666 392 ὅ(
1683 344 1775 392 for-

179 408 391 456 tismilitis
407 413 445 456 ὃ(
471 414 595 473 periti
612 411 750 456 Ducis
771 409 943 456 laudem
970 410 1217 475 decoraque
1245 411 1435 475 spectata?
1449 416 1615 458 virtutis
1640 431 1772 460 orna-

179 493 321 524 menta
338 476 586 522 consecutus
602 493 645 522 es
662 512 671 522 .
704 475 775 521 Ab
792 476 871 523 bac
893 481 1241 541 peregrinatione
1266 482 1515 543 noticiaque
1542 477 1772 543 multiplici

179 562 322 590 rerum
341 542 587 589 bellicarum
603 544 759 596 auctus,
775 548 826 592 -in
840 548 1022 606 patriam
1038 542 1223 596 rediisti,
1239 562 1371 608 quum
1390 548 1582 591 Leonem
1598 549 1770 593 Roma-

178 629 280 656 nurn
299 609 550 656 Pontificem
567 646 577 662 ‚
593 612 633 655 ὃ(
650 610 862 655 Carolum
879 611 1091 658 Caesarem
1107 608 1205 655 esses
1223 626 1448 656 veneratus
1462 648 1472 664 ‚
1489 626 1609 658 tanto
1626 612 1771 660 borni-

178 695 281 722 num
309 675 457 723 fauore
471 693 513 721 vt
541 675 824 739 Sigismundo,
843 679 955 739 Regi
983 676 1344 722 commendaret-e
1370 676 1476 723 &ab
1499 697 1552 724 eo
1568 680 1771 736 vuiuerfis

178 747 328 807 Regiis
346 749 479 808 copiis
494 742 771 806 praeficereris
786 779 795 793 ,
813 760 994 806 eamque
1009 747 1154 805 patria:
1168 740 1384 804 praestares
1401 761 1579 806 operam
1593 746 1768 793 assiduis

179 812 470 857 Barbarorum
502 807 810 858 incurlionibus
838 808 1083 862 laboranti,
1113 806 1284 872 qualem
1322 806 1466 855 affiiffi
1494 815 1604 858 ciues
1630 818 1687 859 tui
1714 813 1768 860 ab

177 885 349 942 optimo
373 881 465 922 ciue
492 875 798 940 fortunamque
831 878 1097 940 Imperatore
1135 873 1424 939 deposcebant
1450 913 1459 923 .
1540 879 1767 942 Siquidem

179 944 414 991 Moldauos
432 945 633 989 Geticam
656 959 826 1006 gentem
854 945 985 989 Petro
1011 959 1166 989 eorum
1190 941 1363 1006 Regulo
1375 942 1485 990 duce
1508 943 1561 990 ad
1577 944 1768 992 Oborti-

173 1029 276 1057 nurn
292 1017 347 1057 ita
360 1007 592 1074 profligasti
609 1045 619 1062 ,
634 1026 677 1056 vt
693 1008 833 1056 hostes
847 1009 1008 1074 alioqui
1022 1008 1208 1062 terrifici,
1227 1012 1265 1056 ὅ(
1283 1007 1554 1057 multitudine
1567 1012 1766 1076 superan-

174 1096 235 1124 tes
252 1081 447 1141 Principe
462 1075 685 1122 vulnerato
702 1112 712 1129 ,
728 1077 1023 1142 primariisque
1037 1082 1176 1140 gentis
1194 1074 1427 1123 interfeffis
1458 1094 1625 1142 turpem
1642 1084 1683 1124 in
1701 1077 1768 1126 fu-

171 1164 271 1209 gam
287 1149 671 1195 conjicerentur31u
688 1143 827 1189 castris
846 1162 1000 1190 eorum
1012 1147 1295 1197 &tormentis
1310 1149 1511 1207 potii-eris
1526 1161 1650 1210 atque
1664 1146 1768 1193 inde

171 1209 419 1277 triumphali
435 1228 560 1256 curru
577 1211 840 1257 Cracouiam
855 1210 1104 1257 inueherere
1118 1232 1128 1265 3
1141 1227 1261 1258 tanto
1288 1209 1507 1258 Moldauis
1524 1227 1689 1260 terrore
1702 1218 1767 1260 in-

172 1283 349 1332 §enom
365 1281 516 1324 Petrus
535 1295 742 1324 renouare
758 1277 916 1324 bellum
933 1277 1048 1324 ausus
1063 1298 1073 1331 3
1089 1297 1220 1343 quum
1246 1293 1287 1324 te
1302 1278 1526 1326 aduersum
1554 1280 1590 1326 se
1605 1284 1765 1340 iterum

171 1346 383 1393 delcetum
397 1348 708 1408 Imperatorem
732 1345 898 1392 audiret
913 1382 922 1399 ‚
939 1344 1094 1392 omisso
1122 1345 1235 1392 bello
1253 1347 1306 1392 ad
1323 1363 1411 1392 non
1434 1351 1598 1411 iniquas
1612 1366 1772 1411 paran-g

173 1414 237 1460 doe
253 1417 368 1476 pacis
399 1410 674 1458 conditiones
695 1410 740 1459 sit
767 1413 995 1463 conuersus
1013 1450 1022 1459 .
1045 1414 1134 1460 Sed
1160 1412 1260 1460 huic
1287 1413 1548 1461 Moldauicae
1575 1417 1764 1461 vinoriae

171 1479 374 1527 Historiis
390 1477 545 1524 nostris
563 1478 732 1539 abunde
757 1480 1002 1534 celebratae,
1017 1479 1194 1526 alteram
1219 1480 1442 1544 amplioris
1471 1480 1766 1545 proculdubio

168 1547 317 1612 gloria:
333 1547 386 1592 de
403 1545 590 1591 Moschis
604 1546 659 1592 ad
675 1546 968 1593 Starodubum
986 1546 1204 1598 debellatis
1231 1546 1430 1594 addidisti
1448 1584 1457 1595 .
1475 1551 1634 1612 Saepius
1647 1548 1763 1595 Tar-

170 1632 284 1661 taros
300 1611 482 1669 Scythas
499 1610 781 1658 foedissimum
798 1631 881 1679 atq.
900 1614 1181 1679 improuisum
1204 1613 1391 1661 hostium
1417 1633 1551 1679 genus
1569 1633 1656 1661 non
1672 1634 1762 1662 vno

166 1681 326 1728 inloco
344 1680 456 1726 illata
471 1679 587 1725 caede
604 1680 829 1744 repressisti
850 1700 858 1726 :
880 1680 1078 1745 singulari
1103 1699 1245 1728 autem
1262 1682 1490 1747 prudentia
1514 1686 1700 1729 orientes
1716 1687 1760 1730 in

167 1752 325 1813 Regno
342 1747 570 1795 seditiones
585 1747 898 1812 compressisti,
914 1750 1041 1812 vsque
1055 1748 1165 1798 adeo
1187 1748 1268 1795 lat‘e
1290 1766 1527 1816 propagata
1550 1746 1664 1796 fama
1680 1768 1760 1796 no-

167 1821 296 1863 minis
310 1853 323 1869 ,
339 1834 383 1860 vt
398 1814 627 1861 inuadente
644 1817 913 1866 Pannoniam
930 1814 1193 1877 Solymano‚
1218 1818 1429 1862 Germani
1445 1831 1568 1880 atque
1581 1819 1763 1880 Hunga-

167 1890 201 1931 ri
229 1881 500 1946 Bohemique
523 1897 564 1928 tc
577 1899 709 1927 vnum
731 1881 804 1928 fibi
820 1899 1026 1946 tanquam
1048 1885 1211 1928 inuictae
1237 1885 1403 1928 virtutis
1428 1882 1623 1945 gerendo
1641 1881 1765 1929 bello

168 1953 344 1998 Ducem
359 1965 609 2013 expeterent
623 1985 632 1994 .
673 1951 844 1997 Verum
859 1950 979 2013 quod
995 1967 1083 1995 non
1096 1947 1192 1995 effet
1209 1963 1345 1994 tutum
1360 1947 1554 2013 prtestare
1568 1967 1663 1995 eam
1677 1967 1763 2015 ope

166 2033 442 2071 ram‚tantum
468 2014 685 2062 honorem
701 2015 839 2079 probe
853 2015 1084 2082 repudiasti
1100 2053 1110 2070 ,
1127 2034 1178 2063 ne
1193 2016 1238 2062 id
1252 2033 1361 2079 :egre
1383 2013 1514 2062 ferret
1529 2015 1761 2080 Sigismun-

166 2086 247 2132 dus
273 2086 480 2131 Rextuus
507 2081 750 2144 Solymano
784 2100 929 2130 vetere
951 2087 1141 2130 amicitia
1167 2084 1440 2134 coniunfiu33
1457 2100 1589 2148 quum
1615 2098 1761 2130 tamen

166 2151 238 2198 ille
254 2166 422 2216 paratus
437 2146 609 2203 foret‚&
625 2165 664 2194 te
679 2148 872 2212 ipsum&
889 2149 1070 2196 vniuerfi
1086 2153 1227 2212 Regni
1245 2155 1393 2215 copias
1417 2148 1683 2213 Reipublicae
1699 2151 1757 2198 c6

168 2218 320 2266 cedere
334 2215 360 2262 sl
375 2214 887 2280 reliquorumsshristiani
905 2220 1092 2262 nominis
1107 2218 1280 2279 Regum
1299 2234 1419 2262 arma
1431 2216 1548 2262 sacro
1574 2215 1764 2280 suscepto

168 2284 282 2332 bello
298 2289 339 2329 in
354 2300 485 2330 vnum
503 2283 919 2349 iungerentur‚quod
935 2299 978 2328 tu
992 2283 1188 2347 suprema
1205 2299 1304 2328 cura
1316 2281 1616 2346 concupiscere
1639 2282 1763 2329 existi

170 2356 301 2400 maris
314 2387 325 2404 ,
341 2353 381 2397 &
398 2351 476 2395 Dii
501 2348 635 2396 faxint
648 2367 691 2396 vt
706 2349 827 2397 huius
843 2355 901 2414 pii
918 2348 1158 2414 nobilisque
1175 2353 1263 2394 voti
1280 2365 1466 2412 compos
1479 2347 1567 2396 fias.
1639 2347 1766 2396 Nihil

168 2423 283 2466 enirn
300 2415 358 2464 est
375 2420 507 2479 magis
522 2416 730 2463 decorum
748 2421 785 2464 ὅ(
813 2417 1106 2481 expetendum
1123 2420 1218 2463 viro
1236 2416 1349 2470 vforti
1364 2415 1616 2482 generosoq.
1633 2416 1767 2480 quam

169 2504 253 2551 pro
267 2489 402 2549 patria
427 2487 717 2548 dignitateque
741 2483 974 2531 Christiani
990 2488 1203 2537 nominis,
1225 2480 1517 2529 reformidato
1533 2489 1654 2530 omni
1669 2487 1766 2533 vitae

169 2549 365 2618 periculo
380 2569 480 2597 cum
496 2551 656 2599 Turcis
673 2553 855 2618 Europae
871 2554 1027 2617 Regna
1039 2548 1334 2601 affeetantibus
1349 2549 1587 2600 decertare.

440 2688 605 2733 IVLII
639 2689 764 2735 Iouii.

167 2820 277 2868 Salue
287 2840 306 2867 ο
316 2821 840 2888 sarmaeicaegentisftrtiss'zme
851 2819 979 2869 duHor

238 2888 380 2949 Iustitia
402 2906 515 2954 atque
526 2892 649 2942 armis,
656 2891 777 2954 quias?
785 2886 855 2936 tibi
864 2890 1028 2955 conferat
1041 2906 1209 2955 unquam

236 2958 367 3019 Qum
379 2973 448 3001 tua
459 2954 652 3013 datscinitu
664 2954 835 3003 bellorum
847 2955 1001 3002 buccina
1011 2955 1152 3021 signum

234 3022 356 3081 Poscis
368 3039 607 3088 equos,atque
619 3040 726 3069 arma
728 3042 861 3088 gerens
872 3025 908 3069 in
912 3023 1056 3087 praelia,
1065 3040 1211 3070 turmas

236 3093 441 3144 stema&
457 3107 621 3139 armatos
630 3090 804 3138 exultans
816 3088 933 3156 dezjcbs
944 3089 1064 3138 hoffes
1518 3138 1521 3139 γ

1198 3159 1230 3204 F
1309 3160 1322 3203 i
1341 3160 1352 3204 i
1368 3162 1379 3204 i
1394 3162 1406 3204 i
1420 3160 1432 3203 ι’
1564 3153 1778 3204 Moldauiae
