2252 3624
627 163 861 211 LtssER
918 162 1366 221 SizchDvs.·
1504 180 1510 185 '
1716 192 1791 241 99·

212 257 417 322 Equidem
433 265 603 325 ingenio
617 274 744 329 atque
759 268 926 328 imperii
941 267 1072 314 auido
1093 268 1298 317 finitimos
1313 268 1382 317 vel
1405 274 1533 320 etiam
1554 272 1631 321 suae
1642 284 1784 340 gentis

209 326 388 374 feliciter
401 328 578 375 adortus
596 366 607 384 ,
627 329 871 377 clarissimas
886 331 995 379 Afiae
1008 334 1132 382 vrbes
1150 336 1369 384 Sebastam
1392 341 1600 405 Synopen
1615 345 1655 389 ὃ(
1682 345 1778 392 An-

212 413 362 457 cyram
377 396 524 443 audaci
537 396 713 443 consilio
728 399 768 442 ὃ(
782 400 945 443 inuictis
960 406 1087 446 armis
1101 403 1252 449 ditioni
1267 403 1344 450 suae
1358 405 1594 455 adiecerat.
1664 412 1777 458 Ima-

208 468 350 526 ginem
366 467 453 508 eius
466 481 556 527 quae
571 463 755 508 maxime
773 463 967 511 ardentes
990 466 1142 513 oculos
1158 470 1422 531 repraesentat
1436 509 1445 524 ,
1463 473 1608 520 habitu
1634 481 1776 525 acina-

208 548 304 578 cem
329 528 611 593 distringentis
632 527 915 594 exprefferunt
927 567 938 584 ,
963 533 1084 596 quod
1109 534 1282 598 intelligi
1301 536 1502 585 volebant
1525 541 1778 591 Othoman-

208 613 362 643 norum
380 600 606 660 imperium
622 602 750 641 armis
764 595 981 660 quaefitum
996 633 1007 651 ,
1021 604 1150 644 armis
1165 599 1340 646 defendi
1354 603 1624 671 proferrique
1640 610 1774 658 debe·-

206 683 252 711 re
266 701 276 711 .
314 664 502 710 Proinde
514 676 630 708 vetus
646 677 770 726 atque
784 677 1041 728 perpetuum
1057 664 1303 714 Turcarum
1319 667 1554 717 institutum
1571 673 1690 726 est‚vt
1705 682 1768 724 in-

203 734 330 777 tranti
355 729 562 795 templum
585 727 843 793 supplicandi
870 731 989 777 causa
1015 735 1268 797 imperatori
1296 732 1566 782 Talismanus
1592 739 1770 788 aedituus

206 796 402 845 sacerdos
414 811 611 843 occurrat
623 832 634 850 ‚
649 794 843 861 claraque
854 815 963 843 voce
976 804 1254 861 pronunciet,
1269 815 1315 846 vt
1327 801 1564 850 meminiffc
1578 804 1678 851 velit
1690 810 1774 854 im-

204 869 370 931 perium
386 863 504 927 quod
518 861 677 909 iusticia
690 865 729 908 &
743 867 896 910 virtute
911 861 1060 911 bellica
1072 882 1244 930 partum
1258 865 1304 914 fit
1315 903 1327 921 ,
1342 885 1431 915 non
1444 868 1534 915 aliis
1548 887 1676 935 quam
1690 872 1774 921 his:-

207 932 307 978 dem
330 928 486 976 artibus
510 928 749 976 conseruari
773 935 1090 997 propagarique
1114 948 1318 998 oportere
1344 969 1355 980 .
1371 967 1374 977 Ι
1428 935 1610 984 Constat
1630 954 1774 987 autem

205 996 539 1044 Othoniannicae
554 996 710 1042 domus
733 1001 966 1061 imperium
990 997 1138 1064 cepisse
1152 1017 1264 1047 anno
1278 1001 1303 1046 ὲ
1327 1017 1451 1066 partu
1466 1005 1663 1068 Virginis
1686 1020 1771 1053 tre-

201 1062 430 1113 centesimo
445 1062 564 1128 supra
579 1060 847 1110 Millefimum
863 1101 873 1118 ‚
888 1081 1131 1131 quanquam
1145 1072 1387 1133 quingentis
1402 1084 1499 1117 ante
1511 1076 1631 1118 annis
1655 1070 1775 1120 Tur-

203 1149 271 1180 cas
282 1149 332 1177 ex
348 1129 525 1192 Scythia
537 1128 759 1195 profe&os
772 1136 815 1176 in
829 1130 927 1178 Asia
941 1132 1057 1179 sedes
1073 1133 1295 1199 occupasse
1308 1153 1585 1202 compertum
1599 1137 1659 1186 est
1670 1174 1682 1193 ,
1696 1144 1772 1206 qui

205 1213 348 1245 tamen
362 1214 523 1260 regem,
538 1212 606 1243 aut
620 1196 834 1244 summum
850 1203 1160 1263 imperatorem
1175 1206 1298 1248 initio
1323 1219 1411 1249 non
1427 1202 1666 1252 habuerunt
1680 1242 1691 1260 ,
1705 1220 1774 1253 vt-

202 1280 305 1330 pote
318 1267 387 1329 qui
403 1262 521 1309 diuisi
534 1281 610 1328 per
624 1262 887 1311 Tetrarchas
902 1270 941 1313 ὅ(
956 1266 1128 1329 regulos
1142 1284 1240 1314 cum
1267 1267 1512 1316 imbellibus
1528 1270 1639 1317 Afiae
1652 1290 1787 1338 popuf

199 1333 248 1380 lis
261 1328 828 1396 Constantinopolitanisque
852 1332 1085 1378 Caesaribus
1111 1333 1183 1379 suo
1193 1333 1370 1381 arbitrio
1386 1333 1494 1382 bella
1504 1353 1653 1401 gerere
1667 1357 1773 1386 con-

201 1396 374 1445 suessent
387 1433 399 1450 ,
411 1401 606 1461 quamuis
620 1414 696 1443 eos
709 1395 939 1462 aliquando
962 1403 1006 1445 in
1019 1417 1150 1446 vnum
1165 1399 1402 1449 consentire
1424 1408 1630 1468 coegerit,
1648 1422 1773 1453 corn-

202 1468 344 1513 munis
359 1463 532 1509 metusa
553 1461 823 1510 Gothifredo
849 1464 1268 1515 Bolioniovniuersae
1296 1467 1574 1519 AsiaeillatuS.
1645 1471 1770 1520 Tum

200 1536 317 1579 enirn
331 1531 485 1578 coaffis
498 1528 655 1576 viribus
675 1566 686 1583 ‚
700 1535 740 1577 <Sc
767 1529 1007 1593 Solymano
1021 1531 1297 1581 tumultuario
1312 1534 1420 1583 duce
1432 1548 1578 1584 creato
1593 1572 1603 1590 ,
1619 1538 1673 1586 ad
1689 1540 1774 1585 Ni-

203 1616 333 1646 caeam
344 1615 444 1645 cum
459 1614 513 1644 eo
527 1595 692 1644 collatis
707 1595 828 1662 signis
844 1597 959 1646 haud
974 1599 1176 1666 prospere
1201 1600 1511 1650 conflixerunt.
1546 1605 1771 1652 Caeterum

201 1663 512 1712 Otliomannus
526 1681 658 1728 quum
671 1668 818 1728 viginti
832 1668 937 1712 0610
952 1671 1068 1713 annis
1082 1666 1283 1730 regnasset
1296 1667 1388 1715 fato
1401 1667 1567 1715 funaus
1583 1670 1643 1717 est
1654 1707 1666 1725 ‚
1680 1674 1774 1719 Or-

203 1750 305 1780 cane
319 1731 405 1778 filio
419 1735 588 1796 imperii
601 1729 928 1778 haerederelifio
953 1768 964 1779 .
1035 1735 1124 1779 Hic
1146 1734 1439 1796 magnitudine
1453 1740 1607 1791 animi,
1621 1742 1662 1784 vi
1676 1755 1773 1785 cor·-

202 1803 322 1865 poris
335 1834 346 1852 ‚
370 1801 410 1845 &
434 1796 665 1861 cupiditate
687 1796 958 1862 profereudae
982 1798 1157 1845 ditionis
1183 1815 1348 1864 patrem
1375 1806 1581 1866 aequauit3
1608 1802 1770 1851 bellicis

203 1880 344 1913 autem
359 1881 474 1929 aeque
485 1863 608 1909 bonis
623 1867 662 1912 ὅ(
687 1863 806 1910 malis
821 1863 979 1911 artibus
993 1901 1003 1918 ,
1014 1870 1080 1911 vir
1093 1864 1264 1911 dolosus
1279 1869 1319 1912 ὅ(
1343 1866 1472 1914 solers
1483 1904 1495 1922 ‚
1509 1868 1770 1935 profusaque

202 1937 243 1978 in
258 1936 406 1996 primis
421 1933 461 1977 ὅ(
485 1936 657 1994 perenni
672 1948 772 1995 erga
797 1930 1213 1978 militesliberalitate
1237 1932 1446 1999 superauit
1469 1972 1479 1982 .
1549 1938 1633 1983 Per
1656 1936 1772 1985 hunc

201 1998 384 2045 modum
400 2013 603 2044 veterano
618 1996 837 2043 instrucoms
854 2003 1191 2065 exercitu‚quum
1206 2004 1440 2048 amicitiam
1457 2005 1497 2048 ὅ(
1511 2001 1654 2050 foedus
1669 2021 1770 2051 cum

199 2064 362 2112 Ciliciae
375 2082 473 2128 rege
487 2063 610 2109 duna
625 2068 666 2109 in
681 2069 1007 2112 matrimonium
1031 2071 1118 2113 eius
1142 2065 1413 2114 filiainiuisset
1435 2105 1446 2122 ,
1472 2068 1676 2117 Michaeli
1691 2073 1769 2116 Pa-

199 2131 375 2195 leologo
390 2129 872 2194 Constantinopolitano
885 2136 1133 2197 imperatori
1146 2150 1276 2197 graue
1289 2133 1445 2181 bellum
1457 2136 1597 2182 intulit
1612 2155 1623 2188 ;
1637 2135 1769 2183 ador-

201 2198 346 2264 tusque
370 2196 548 2243 demum
572 2197 780 2245 Prussiam
798 2198 1175 2264 Bythiniaecaput,
1203 2218 1297 2248 eam
1310 2200 1461 2248 vrbem
1487 2201 1711 2249 obsidione
1725 2206 1767 2250 &

202 2263 461 2314 admirandis
476 2263 683 2311 machinis
709 2269 967 2329 expugnauit
990 2302 1000 2312 .
1061 2266 1145 2311 Sed
1161 2283 1248 2311 non
1262 2266 1336 2312 diu
1358 2267 1770 2316 eavi&orialaetatus

202 2330 286 2383 est3
303 2349 398 2376 nam
413 2335 456 2375 in
470 2348 518 2376 ea
533 2337 855 2395 oppugnatione
870 2329 1013 2394 sagitta
1029 2333 1286 2396 i&uS‚quum
1302 2331 1506 2396 spiculum
1520 2333 1688 2381 humeri
1703 2334 1770 2382 os-

203 2398 310 2446 sibus
326 2396 500 2443 infixum
514 2395 596 2443 sine
611 2401 703 2441 vitae
721 2396 965 2442 discrimine
979 2396 1122 2444 reuelli
1139 2397 1385 2462 nequiuiffet
1400 2435 1411 2453 ,
1429 2399 1617 2447 obducta
1629 2399 1767 2466 plaga,

203 2465 371 2512 febrem
387 2462 598 2510 &saniem
624 2461 892 2509 mortiferam
907 2461 1178 2529 aliquotpost
1200 2464 1363 2512 menses
1387 2465 1627 2521 accerfiuit,
1653 2485 1768 2515 anno

202 2537 289 2579 eius
305 2534 472 2594 imperii
486 2527 689 2592 vigesimo
714 2528 899 2575 secundo
914 2565 923 2575 .
960 2532 1125 2578 Orcaui
1149 2529 1337 2578 successit
1365 2532 1626 2580 Amurathes
1646 2532 1770 2590 filius,

202 2604 266 2645 vir
279 2613 548 2661 nequaquam
563 2600 777 2641 maiorum
792 2594 989 2660 exemplo
1006 2615 1133 2644 manu
1157 2612 1381 2662 promptus
1395 2635 1407 2652 ‚
1421 2599 1493 2646 sed
1517 2599 1631 2647 bello
1646 2603 1686 2646 ὃ(
1699 2618 1773 2665 pa-

203 2683 252 2712 ce
265 2663 480 2710 simulator
493 2667 700 2725 egregiu53
714 2668 870 2728 quippe
883 2669 952 2728 qui
966 2661 1052 2711 astu
1067 2667 1106 2711 ὃ(
1121 2663 1337 2728 vigilantia
1350 2664 1569 2730 singulari,
1585 2666 1774 2715 occasio-

205 2749 277 2779 nes
292 2728 721 2795 proferendiimperii
738 2730 1098 2794 opportunissime
1121 2747 1332 2796 captaret,
1359 2733 1560 2798 nusquam
1585 2732 1709 2780 firma
1723 2733 1772 2780 fi-

205 2800 259 2846 de
272 2811 340 2844 aut
354 2794 561 2843 incolumi
576 2796 870 2843 iureiurando.
912 2799 1066 2844 Pacem
1081 2813 1224 2844 tannen
1236 2815 1334 2845 cum
1351 2799 1586 2864 Paleologo
1602 2799 1777 2864 religion

206 2865 242 2911 se
256 2862 450 2910 tuebatur
473 2900 482 2908 .
554 2863 715 2925 Magno
740 2878 880 2910 autem
912 2863 1160 2911 Amurathis
1186 2865 1431 2912 commodo
1445 2865 1604 2912 bellum
1619 2865 1777 2913 intesti«

205 2934 433 2978 numinter
456 2927 779 2975 Graecossubid
795 2945 962 2994 tempus
973 2929 1121 2977 exarsit
1136 2956 1151 2976 .’
1194 2932 1314 2978 Nam
1331 2934 1473 2979 Gra’ci
1496 2950 1698 2998 proceres
1721 2932 1776 2979 ab

202 3004 467 3062 imperatore
478 2994 750 3048 rebellarant,
764 2994 924 3063 subnixi
943 2996 1142 3044 societate
1154 2999 1291 3047 Marci
1312 3000 1551 3047 Craiouicii
1569 2999 1777 3066 Bulgaro⁴

205 3080 303 3112 mum
314 3064 519 3131 principis
532 3064 700 3128 litaque
711 3077 832 3111 enata
844 3061 1111 3133 estssocccasio
1125 3065 1304 3116 Graeciae
1317 3067 1359 3115 &
1368 3068 1482 3132 pen‘c
1494 3069 1578 3115 toti
1593 3069 1778 3176 Euroqae.

206 3147 245 3170 ιΙΔ
288 3147 307 3170 ·,·
1345 3148 1361 3179 1
1432 3136 1473 3179 ii
1593 3135 1721 3180 exitia
1739 3134 1774 3175 is
