2252 3624
629 193 855 241 Lrnfin
928 193 1226 242 ΡκῐΜνι
1497 202 1502 205 ’
1700 201 1737 262 7

160 283 455 340 moniis,efferi
469 288 508 333 ὅ(
521 287 637 334 rudis
655 287 810 350 Populi
828 305 989 336 mentes
1006 327 1016 343 ‚
1031 290 1159 356 vsque
1181 290 1293 338 adeo
1309 288 1483 338 imbutae
1509 305 1729 360 captetque

160 355 265 407 sunt,
279 372 322 399 vt
336 353 458 401 facile
471 353 667 402 iustitiam
685 392 695 407 ,
713 355 842 401 fidem
858 365 1205 420 ,temperantiam
1219 395 1229 411 ,
1245 359 1386 406 colere
1401 360 1613 407 discerent
1626 399 1635 414 ,
1650 380 1732 410 nec

160 426 246 466 iam
263 423 439 468 validius
455 427 525 487 qui
540 438 779 486 peccarent,
800 422 1122 485 Magistratuum
1141 428 1415 490 poena,quam
1436 430 1636 474 Deorum
1656 447 1730 476 me

157 505 497 535 tuterrerentur.
534 491 594 535 At
617 490 764 534 Numa
777 506 909 553 quum
937 490 1218 554 quadraginta
1232 492 1365 537 tribus
1393 500 1510 540 arinis
1529 495 1732 558 imperas-

158 555 215 600 set
230 592 239 605 ‚
255 558 407 602 exa&ae
421 562 548 601 aetatis
565 556 685 600 senex
710 553 800 600 fato
815 556 970 601 cedens
982 593 991 609 ,
1010 556 1183 602 Vrbem
1198 556 1295 602 belli
1322 558 1461 620 gloria
1486 560 1729 624 superbam,

159 623 278 686 quod
295 624 440 668 deerat
454 621 713 667 sanctissimis
726 638 1009 686 temperatam
1025 622 1331 689 legibu8,atque
1346 631 1513 689 optima
1530 645 1632 689 pace
1646 627 1730 673 flo-

157 705 323 734 rentem
340 688 526 752 reliquit.
600 690 699 733 Eius
715 685 900 751 effigiem
927 707 1218 737 marmoream
1235 691 1478 737 diademate
1507 691 1729 755 insignem,

158 773 286 820 quam
304 761 342 800 in
361 756 482 802 Vrbe
505 772 593 800 non
609 772 694 799 vno
711 759 752 799 in
777 755 876 801 loco
892 757 1113 810 videmus,
1141 763 1308 805 nummi
1334 764 1430 806 aerei
1456 776 1555 806 cum
1578 757 1729 814 literis,

156 838 282 887 atque
297 822 445 869 eadem
462 826 649 887 imagine
662 821 927 869 verissimam
942 822 1017 870 eise
1030 822 1279 874 ostendunt.

225 923 506 971 ANTONII
543 926 894 972 FRANCISCI
930 930 1239 994 RAINERII
1310 924 1660 977 Mediolanensi&

155 1017 323 1067 viderat
336 1036 480 1064 armato
491 1017 694 1078 Tybrisfiab
708 1025 818 1082 Rege,
831 1021 993 1082 Qirites

220 1089 309 1131 Iura
322 1084 409 1130 dare
420 1084 574 1131 edomitis
587 1089 931 1144 Marttafiaitimis:

153 1152 323 1201 (diderat
337 1156 524 1215 &stipem
537 1153 717 1212 Populum
724 1155 788 1216 pia
799 1153 1119 1217 rlouraftrentem,

218 1218 606 1286 Sacrayueficbstmfflo
613 1219 759 1284 [argere
772 1223 944 1285 Pompilio
956 1242 967 1277 ς

153 1291 241 1334 Cum
252 1288 364 1340 laetm,
377 1287 493 1344 resono
506 1285 578 1333 l7aec
589 1287 921 1350 effudufluminzj
936 1325 945 1334 .
982 1291 1123 1351 ‘Nostra
1135 1309 1154 1336 ο

219 1355 346 1420 Qcim
356 1352 441 1400 bene
453 1360 570 1401 Roma
580 1355 790 1422 coligqmim
801 1353 885 1401 bene
894 1353 982 1402 bella
986 1357 1088 1421 gerit
1102 1393 1114 1404 .

520 1495 769 1564 Subeffigi'Q
811 1495 1367 1547 ARTOXERXIS.'·

390 1642 401 1649 ⁷
432 1644 447 1662 ,ι
467 1633 498 1666 Α
510 1633 538 1666 E
551 1634 581 1666 C
620 1624 777 1666 mitrati
803 1624 914 1684 regis
930 1618 1090 1684 effigies
1106 1619 1288 1686 superbo
1304 1624 1390 1666 oris
1417 1619 1545 1667 duan
1560 1656 1570 1674 ‚
1586 1621 1722 1685 proli·

169 1733 176 1745 X
232 1723 252 1747 *a
270 1701 297 1746 >L
349 1699 360 1738 ἢ
402 1665 449 1729 *fl
471 1705 604 1751 xaque
621 1686 749 1733 barba
765 1691 801 1734 ὃ(
820 1687 916 1732 naso
932 1692 974 1732 in
988 1688 1206 1734 aduncum
1220 1689 1635 1753 promine'te,Magni
1654 1693 1721 1736 Αι·

236 1750 291 1814 *X
333 1752 348 1769 ὦ
410 1733 449 1814 δέ
471 1760 658 1800 toxerxis
677 1753 793 1800 fuiise
819 1758 1073 1801 coniicitur.
1114 1755 1239 1800 Hanc
1254 1771 1303 1800 ex
1328 1752 1717 1818 antiquissimonu-

168 1808 171 1817 s
231 1836 292 1887 [2
410 1807 437 1887 ῑὲξ
474 1820 663 1865 mismate
677 1836 880 1883 argenteo
896 1818 1158 1884 Rodulphus
1173 1823 1272 1866 Pius
1288 1819 1514 1885 Carpenfis
1529 1821 1723 1870 Cardina

162 1877 286 1936 ’ᾑζ
316 1886 434 1938 ,ψ-ὶ,
475 1887 676 1934 Ιίεριῃωίς
689 1886 831 1950 priscae
845 1885 1065 1950 elegantiae
1080 1884 1287 1933 studiosus
1303 1886 1609 1934 eruditioribus
1626 1891 1722 1935 Ro-

151 1972 285 1999 mame
304 1956 552 2000 Academia·
565 1953 928 2016 interpretandam
942 1951 1152 2000 ostendit.
1176 1956 1349 2000 Omnes
1364 1958 1508 2020 itaque
1523 1973 1611 2001 non
1627 1974 1719 2002 am-

151 2018 288 2084 biguis
303 2019 673 2066 conie&urisi11id
688 2019 1074 2072 consentiuntmam
1088 2020 1310 2067 Persarum
1327 2023 1470 2085 Reges
1488 2024 1721 2086 Magorum

151 2086 273 2132 sacris
290 2091 458 2139 initiari,
472 2091 904 2152 ceremoniarumque
915 2094 1130 2152 principes
1142 2087 1222 2134 esse
1235 2086 1400 2134 constat
1415 2125 1424 2140 ,
1441 2087 1629 2153 ideoque
1643 2106 1721 2136 eos

148 2158 207 2199 vti
224 2152 355 2200 thiara
370 2152 529 2200 excelsa
542 2189 552 2206 ‚
570 2169 859 2218 exornataque
882 2171 1069 2217 gemmis
1082 2158 1123 2201 ὅ(
1148 2153 1317 2218 pluuiali
1342 2154 1558 2201 chlamide
1574 2190 1586 2209 ‚
1603 2154 1720 2202 cultu

149 2237 240 2265 non
255 2219 429 2266 absimili
442 2220 495 2266 ab
510 2238 562 2265 eo
578 2237 665 2284 quo
680 2221 871 2264 Romani
892 2220 1120 2267 Pontifices
1132 2225 1173 2265 in
1190 2220 1314 2267 sacris
1330 2220 1575 2267 solennibus
1591 2240 1719 2268 exor«

150 2304 302 2332 nantur
316 2324 325 2333 .
365 2289 495 2333 Hunc
509 2301 650 2331 autem
667 2285 689 2329 ὲ
707 2284 837 2331 Perfis
855 2285 1065 2331 Hebraeos
1080 2285 1284 2350 accepisse
1301 2287 1611 2340 crediderim&
1625 2294 1720 2353 qui-

150 2351 227 2397 bus
245 2353 421 2398 demum
437 2353 491 2399 ad
506 2369 582 2397 nos
599 2357 801 2398 manarit.
828 2352 911 2398 Sed
926 2351 1056 2397 literae
1071 2355 1234 2399 Graecae
1249 2370 1340 2416 quae
1356 2357 1395 2397 in
1411 2353 1552 2400 auersa
1567 2372 1721 2401 mone-

150 2434 201 2464 tae
217 2416 789 2483 parteleguntur,nihilplus
814 2422 1059 2482 exprimunt
1073 2418 1204 2483 quam
1227 2421 1339 2481 Regi
1364 2422 1540 2482 Regum
1568 2419 1718 2468 Arsaci

151 2485 373 2532 Benefico.
413 2484 544 2532 Teste
559 2495 674 2532 enim
701 2484 933 2531 Plutarcho
953 2488 1187 2531 Artoxerxi
1204 2491 1275 2551 qui
1293 2488 1406 2540 Cvri
1433 2490 1614 2533 minoris
1631 2485 1716 2534 fra-

148 2566 213 2598 ter
228 2550 363 2603 sum&
381 2555 590 2598 Mnemon
608 2552 651 2597 id
665 2549 724 2597 est
740 2553 914 2597 Memor
927 2568 1104 2598 vocatus
1117 2550 1175 2597 est
1188 2588 1198 2606 ,
1213 2553 1267 2598 ad
1293 2549 1579 2599 differentiam
1597 2553 1720 2618 supe-

148 2623 274 2664 rioris
291 2620 545 2664 Artoxerxis
561 2623 631 2683 qui
655 2622 946 2681 Longimanus
962 2617 1276 2683 appellabatur,
1296 2619 1442 2666 Arsaci
1467 2638 1719 2684 cognomen

153 2682 436 2731 fuit.Arridet
450 2690 578 2731 etiarn
593 2685 646 2731 ad
660 2688 950 2731 coniecturam
967 2684 1180 2732 Plutarchi
1196 2685 1495 2751 problema‚ex
1513 2705 1600 2751 quo
1618 2690 1721 2733 Per-

147 2751 285 2798 sarum
301 2754 442 2815 Reges
459 2751 558 2797 naso
573 2751 742 2798 adunco
757 2767 960 2816 tanquam
976 2754 998 2798 *c
1021 2751 1148 2818 stirpe
1163 2758 1340 2800 maioris
1356 2754 1467 2815 Cyri
1481 2751 1598 2800 fuiffe
1613 2753 1720 2801 colli

146 2824 260 2881 gitur
275 2855 284 2865 .
304 2820 401 2864 Nec
416 2816 552 2864 obstat
565 2818 683 2883 qnod
699 2836 836 2884 neque
851 2820 1108 2866 Artoxerxis
1123 2838 1258 2885 neque
1273 2820 1493 2866 Persarum
1509 2821 1719 2885 inscriptae

146 2885 278 2932 litera·
292 2890 522 2949 quicquam
538 2883 721 2930 referant
737 2921 748 2939 ‚
768 2890 976 2950 quoniam
992 2887 1038 2933 id
1062 2886 1265 2952 praeclarh
1279 2885 1544 2934 demonstrat
1569 2892 1718 2952 imago

147 2951 342 3015 sagittarii
360 2956 399 2996 in
416 2950 520 2996 solio
535 2950 684 2998 sedetis
699 2970 789 3016 quae
806 2989 816 3005 ,
832 2951 973 2999 visitur
987 2958 1028 2999 in
1042 2953 1183 3000 auersa
1198 2971 1316 3019 parte
1329 2954 1718 3007 numismatismam

149 3018 265 3064 idem
285 3017 532 3069 Plutarchus
555 3017 777 3065 Persarum
804 3022 948 3084 Reges
970 3025 1199 3085 pecuniam
1215 3039 1387 3069 auream
1403 3039 1451 3070 ac
1464 3037 1636 3086 argente
1646 3039 1719 3068 am

151 3101 251 3133 cum
263 3102 366 3135 nota
379 3085 577 3152 sagittarii
590 3084 749 3152 signare
763 3085 909 3139 solitos
922 3087 1075 3146 tradit,
1093 3086 1263 3140 acherio
1280 3088 1464 3153 Agesilai
1476 3091 1611 3202 Regi}
1622 3087 1711 3152 lepi

626 3154 630 3155 ⁷
1232 3173 1260 3206 a
1324 3159 1420 3205 iiii
1539 3156 1584 3205 di
1602 3157 1717 3202 simo
