2252 3624
446 197 514 262 ¹38
705 199 999 244 ILLVST.
1074 193 1451 241 VIRORVM
1518 190 1837 240 ELOGIA.

448 312 569 344 natus
591 295 809 343 fortunam
832 292 887 340 ad
912 291 1152 340 Sfortianos
1167 292 1350 340 delatam
1365 293 1473 357 argi-e*
1488 289 1627 339 ferens
1640 309 1855 356 germanae
1875 292 2034 343 sororis

449 349 619 430 probro
635 379 762 426 quam
791 360 1018 408 Galeacius
1032 360 1253 408 adamaret
1278 376 1403 426 atque
1426 359 1660 424 subigeret,
1675 360 2034 424 permouebatur,

454 439 575 475 tanto
593 430 878 492 indignantius
893 464 903 482 ,
920 427 1040 493 quod
1053 446 1147 474 eam
1163 428 1328 475 decoro
1353 425 1608 474 adolescenti
1633 431 1705 492 qui
1722 431 1852 473 aetatis
1873 425 2035 475 florem

453 501 636 560 principi
653 494 884 541 fruendum
900 490 1075 543 dediffet
1090 493 1331 542 conciliasse
1343 498 1382 543 ὅ(
1396 491 1727 541 communicasse
1741 492 2034 558 suspicaretur.

452 566 702 629 Principem
717 567 888 609 enimin
903 580 1052 609 amore
1066 561 1320 627 improbum
1346 579 1471 628 atque
1485 561 1597 608 adeo
1620 561 1922 626 impudentem
1947 561 2036 626 ple-

449 634 573 694 rique
586 628 656 676 vel
669 628 776 676 falso
790 629 1099 682 existimabant,
1116 644 1160 675 vt
1172 628 1314 675 aliena:
1326 629 1491 675 libidini
1505 628 1709 675 lenocinii
1725 625 1976 692 obsequium
1989 627 2037 674 lu

449 694 554 745 bens
569 696 761 764 praebere
776 697 1021 744 crederetur
1039 733 1048 743 .
1085 696 1313 761 Olgiatum
1339 699 1445 742 vero
1459 696 1568 761 pene
1590 692 1837 741 imberbem
1853 731 1862 747 ,
1877 694 2035 741 leuissi-

449 781 661 830 mumque
674 763 941 812 adolescente
954 768 1065 812 inani
1080 764 1148 829 spe
1163 764 1363 829 parandae
1375 762 1525 827 gloria:
1540 761 1761 809 inflauerat
1774 760 1888 808 Cola
1903 764 2035 808 Mon-

448 845 572 878 tanus
585 831 858 879 literariiludi
884 830 1083 897 magister
1100 851 1111 884 ς
1128 830 1155 877 s1
1170 831 1314 878 occiso
1340 846 1528 892 tyranno
1543 833 1725 893 patriam
1738 833 1781 874 in
1793 827 2037 876 libertatem

447 897 660 953 assererem
677 900 780 965 saepe
794 899 965 946 Cassios
980 903 1020 946 &
1034 902 1189 945 Brutos
1206 902 1246 943 in
1260 896 1404 945 schola
1415 902 1581 962 magnis
1596 893 1805 943 extollens
1818 894 2035 949 laudibus,

450 966 524 1031 qui
537 965 676 1033 gloria
691 966 806 1014 ducti
831 965 1111 1033 pulcherrimi
1138 963 1237 1012 faeci
1251 963 1475 1012 confilium
1491 962 1597 1011 olim
1610 961 1873 1028 suscepissent
1898 1000 1910 1011 .
1947 966 2037 1014 Hic

447 1031 562 1080 Cola
575 1034 800 1099 quondam
827 1033 1019 1081 Galeacii
1034 1032 1289 1099 pedagogus
1305 1031 1449 1078 dirum
1463 1036 1505 1078 in
1520 1035 1763 1096 principem
1778 1030 1933 1078 odium
1950 1049 2036 1079 con

445 1115 617 1165 ceperat
630 1105 859 1166 impotenti
874 1106 963 1147 eius
979 1099 1241 1148 contumelia
1255 1103 1443 1165 percitus
1457 1135 1467 1153 ,
1481 1098 1603 1164 quod
1617 1097 1685 1145 ille
1697 1097 1928 1163 puerilium
1940 1117 2038 1146 ver-

443 1166 600 1215 berum
615 1173 740 1214 nimis
757 1166 1176 1233 memor,postquam
1191 1166 1723 1231 adoleuit‚imperiumque
1739 1164 1940 1228 suscepit,
1958 1165 2033 1230 ipfi

444 1233 569 1281 Colae
584 1249 786 1298 tanquam
800 1238 959 1280 immiti
973 1232 1287 1297 subagrestique
1300 1236 1560 1296 praeceptori
1575 1268 1585 1285 ,
1600 1247 1796 1295 acceptas
1822 1232 1929 1278 olim
1946 1234 2037 1296 pla-

443 1317 518 1365 gas
535 1300 702 1346 nudatis
719 1298 910 1345 clunibus
926 1298 1025 1346 loro
1040 1298 1186 1363 palam
1200 1298 1381 1362 rependi
1395 1296 1568 1344 iussisset
1580 1335 1589 1344 .
1627 1300 1767 1343 Huius
1791 1298 1913 1344 Colae
1929 1301 2033 1347 diris

445 1365 823 1413 cohortationibus
839 1365 1161 1412 c6iurationem
1175 1364 1424 1411 inchoatam
1440 1362 1495 1410 ad
1518 1368 1766 1428 exitumque
1780 1366 2035 1429 perductam

441 1431 561 1480 fuiffe
575 1431 776 1497 Olgiatus
790 1432 874 1498 ipse
889 1450 941 1479 ex
956 1430 1188 1499 quaesione
1202 1428 1440 1498 perscripfit
1454 1467 1464 1478 .
1495 1434 1627 1495 Igitur
1650 1428 1873 1477 obstinatis
1888 1431 2037 1480 effera-

440 1499 574 1566 tisque
589 1505 740 1547 animis
755 1500 811 1548 ad
824 1499 868 1547 id
881 1500 1142 1566 patrandum
1154 1498 1286 1546 scelus
1301 1496 1811 1564 confirmati,principem
1824 1504 1934 1546 inter
1948 1498 2036 1548 fre-

441 1583 646 1634 quentem
661 1566 903 1615 custodiam
927 1571 1129 1634 corporis
1143 1566 1234 1614 diui
1259 1562 1464 1632 Stephani
1483 1563 1692 1630 templum
1715 1570 1945 1613 intrantem
1960 1604 1971 1622 ‚
1986 1583 2035 1616 vt

439 1635 566 1684 sacris
581 1634 823 1684 solennibus
837 1634 1076 1691 interesset,
1092 1631 1468 1683 circumsteterunt
1480 1670 1494 1686 ,
1507 1631 1663 1679 abditis
1687 1631 1760 1679 sub
1774 1632 1920 1680 sinistri
1936 1633 2033 1683 bra-

441 1701 529 1750 chii
544 1706 712 1751 manica
725 1702 988 1769 pugionibus
1003 1741 1013 1750 .
1042 1705 1213 1751 Primus
1228 1701 1252 1747 ὲι
1267 1700 1424 1748 fronte
1440 1703 1763 1766 Lamponianus
1788 1704 1830 1747 in
1846 1702 2032 1766 speciem

439 1768 613 1816 turbam
628 1768 1256 1836 dimouentis‚porrigentisque
1269 1767 1414 1816 literas
1429 1766 1508 1817 sese
1521 1766 1854 1822 infinuans,nihil
1868 1770 1891 1815 ὲ
1904 1768 2032 1817 fami-

439 1834 533 1882 liari
547 1852 793 1882 metuenten
806 1837 860 1883 ad
872 1837 1063 1884 infimam
1080 1842 1241 1883 ve-ntris
1254 1851 1419 1901 partem
1434 1834 1644 1901 perfodit;
1660 1840 1931 1903 repetitoque
1945 1841 2032 1885 ictu

438 1900 594 1948 laeuum
610 1902 813 1967 percussit
824 1919 994 1966 tempus
1009 1940 1018 1949 .
1053 1903 1242 1950 Carolus
1258 1905 1354 1949 aute
1369 1905 1408 1949 ὃ(
1425 1902 1624 1967 Olgiatus
1638 1904 1662 1948 ὲ
1677 1919 1800 1967 tergo
1815 1922 2031 1952 inermem

440 1967 668 2017 lethalibus
685 1968 818 2033 plagis
834 1968 1234 2023 conthuciaruntfic
1247 1984 1290 2015 vt
1305 1969 1494 2034 vndique
1512 1974 1668 2034 petitus
1685 1970 1708 2015 ὲ
1733 1973 1929 2034 Deipara
1947 1979 2031 2019 vir-

440 2041 541 2101 gine
556 2034 709 2081 frustra
723 2054 855 2099 opem
873 2034 1111 2101 implorans
1127 2044 1302 2102 repente
1318 2036 1571 2083 concideret
1585 2074 1599 2089 ,
1615 2039 1654 2084 ὃ(
1669 2041 1901 2101 expiraret3
1917 2044 2034 2086 iuxta

439 2120 571 2168 quem
592 2105 770 2150 traiecto
796 2105 972 2168 pectore
997 2101 1234 2168 prostratus
1260 2101 1465 2150 occubuit
1502 2106 1667 2168 Ripeus
1693 2122 1743 2149 ex
1778 2102 2032 2152 custodibus

437 2169 937 2236 promptissinius,quum
953 2174 995 2215 in
1009 2168 1275 2235 percuffores
1290 2168 1483 2233 gladium
1498 2168 1717 2216 strinxisset
1732 2208 1741 2217 .
1805 2176 1888 2218 Per
1910 2172 2028 2220 hunc

437 2235 626 2283 modum
642 2235 821 2282 cadente
836 2240 1030 2300 principe
1045 2272 1055 2288 ,
1074 2252 1318 2302 exon-toque
1341 2236 1442 2282 inde
1456 2236 1634 2282 terribili
1661 2238 1863 2291 tumultu,
1893 2257 2028 2304 quum

437 2302 613 2369 quisque
628 2303 683 2349 ad
697 2301 841 2364 fugam
860 2319 975 2347 metu
989 2301 1205 2366 perculsus
1219 2301 1258 2349 se
1284 2302 1508 2367 expediret
1524 2339 1535 2357 ‚
1563 2318 1680 2350 tanta
1705 2304 2029 2354 conflictatione

435 2369 690 2436 procursum
705 2368 778 2423 est,
794 2384 838 2415 vt
853 2368 974 2415 multi
988 2370 1011 2416 e
1023 2368 1148 2416 turba
1162 2373 1204 2416 in
1216 2369 1365 2435 templi
1380 2366 1548 2416 foribus
1563 2369 2034 2426 eliderentur5deserto-

436 2454 520 2501 que
533 2436 586 2483 ab
599 2436 803 2482 omnibus
829 2435 996 2500 templo
1023 2436 1316 2486 Sacerdotes&
1340 2435 1524 2484 sacrario
1548 2437 1814 2503 prodeuntes
1837 2444 1918 2487 tria
1941 2456 2033 2488 tan-

436 2518 528 2549 tum
542 2503 752 2550 cadauera
766 2501 934 2552 foedato
950 2502 1089 2549 multo
1105 2521 1259 2551 cruore
1276 2509 1529 2569 pauimento
1544 2509 1727 2553 iacentia
1739 2511 1979 2572 reperirent
1992 2546 2005 2557 .

435 2571 559 2619 Nam
572 2569 759 2635 procula
777 2570 1364 2637 principe,Ripeoque,iplius
1383 2575 1672 2637 Lamponiani
1687 2574 1873 2621 cadauer
1886 2574 2027 2623 solum

433 2635 577 2701 lingua
591 2641 631 2684 δέ
646 2635 846 2683 dentibus
862 2637 1177 2682 commordens
1194 2638 1371 2685 iacebat.
1388 2640 1497 2686 Eum
1512 2643 1631 2686 enim
1647 2658 1724 2705 per
1739 2641 1932 2689 mediam
1949 2660 2028 2690 mu

432 2702 588 2751 lierum
602 2703 770 2749 turbam
785 2708 965 2749 incuruo
982 2701 1093 2765 passu
1103 2704 1294 2751 euadere
1309 2721 1542 2753 conantem
1558 2743 1569 2759 ‚
1582 2705 1743 2755 satelles
1758 2707 1940 2775 aethiops
1956 2714 2025 2757 cui

435 2769 568 2817 Gallo
582 2768 661 2817 fuit
673 2787 924 2835 cognomen
938 2769 1090 2816 ῑιάαᾶο
1107 2775 1327 2834 perimam
1343 2771 1487 2819 sedem
1501 2771 1589 2820 lato
1604 2773 1761 2821 hastilis
1783 2773 1902 2823 ferro
1917 2794 2025 2824 con-

433 2834 833 2884 fecerat.Caeterum
848 2835 1064 2884 sacrificuli
1079 2841 1316 2902 principem
1328 2854 1372 2884 vt
1393 2838 1614 2886 abluerent
1625 2877 1637 2895 ‚
1654 2846 1697 2888 in
1710 2842 1940 2890 sacrarium
1954 2861 2024 2891 ca·-

433 2900 617 2948 lentibus
632 2903 773 2950 adhuc
787 2902 997 2949 membris
1021 2901 1254 2949 retulerunt
1270 2941 1279 2950 .
1329 2909 1652 2971 Lamponianus
1673 2908 1910 2957 insultantis
1929 2909 2020 2976 ple-

433 2967 499 3017 bis
515 2972 553 3016 ὅ(
569 2987 806 3033 puerorum
819 2969 953 3017 turbae
968 2969 1272 3017 adludibri'um
1286 2971 1475 3019 coceisus
1490 2977 1649 3021 iniecto
1675 2974 1830 3041 laqueo
1844 2994 1921 3042 per
1933 2994 2019 3024 cun
2043 3020 2049 3036 ,

433 3037 519 3083 &as
532 3034 648 3082 vrbis
663 3041 858 3100 regiones
873 3052 1061 3101 rap-tatus
1076 3032 1136 3084 est
1149 3074 1158 3084 .
1175 3038 1236 3084 At
1248 3039 1432 3085 Carolus
1447 3042 1488 3086 &
1502 3039 1707 3105 Olgiatus
1721 3042 1810 3108 qut'i
1823 3047 2014 3091 immixti

432 3099 726 3172 effugientium
740 3102 1102 3174 turbaesslapfiquf
1117 3104 1284 3172 templo
1298 3109 1433 3154 varias
1447 3105 1628 3155 latebras
1641 3107 1914 3176 quaesiuiffent
1925 3146 1938 3165 ,
1953 3108 2018 3156 bi·-

728 3191 731 3202 ³
871 3197 874 3201 ’
1921 3176 2016 3225 duo
