2252 3624
590 181 822 226 LIBER
888 175 1254 228 TERTIVS.
1722 196 1799 246 129

200 285 304 349 Ergo
309 298 516 347 purpureus
528 299 729 331 traxerunt
728 282 908 348 sunguine
916 283 1073 350 lymphas·

267 355 325 399 Et
337 353 440 405 ister,
454 364 503 402 (9⁴
515 350 674 413 Panyfus
685 352 767 398 aleis
778 352 902 402 alueis

200 419 244 465 ἃ
256 423 385 465 noflrae
395 417 577 479 albescunt
588 419 698 464 etiam
708 436 795 464 num
808 416 906 463 caedis
916 416 1044 464 acerui

265 484 424 542 Deſsrta
435 485 509 531 late
520 484 655 546 ,M‘yfiae
658 501 728 549 per
738 502 912 550 aequorad
924 520 936 538 ,

194 552 392 600 Pannom'ae
403 571 519 617 regem
531 570 646 617 quum
660 550 835 612 defleuere
841 565 1070 614 peremptum

266 626 404 666 Manu
415 621 612 681 impotentis
622 615 863 671 ,Amaraehis
873 613 1032 678 effera-2.

193 685 411 751 Etpofitum
422 684 522 731 a'e'ria
533 685 580 747 est
589 685 843 731 monimentum
859 682 991 749 infigne
1003 683 1201 732 columnae-2

262 757 465 805 fieremus
475 750 602 798 horror
613 766 652 798 vt
662 751 735 797 loco
745 751 896 814 infin&
907 768 1033 797 metus.

194 820 336 866 Scilicet
347 818 537 882 vtgeminae
548 815 622 865 haec
633 818 714 864 coelo
726 818 848 882 capita
859 817 1104 880 altaserentes

264 884 414 949 [ledam
427 884 594 932 calumme
605 884 787 950 [aestuum
799 887 861 932 vni
871 882 1062 938 Barbam,

195 950 542 1017 &gladq,(9⁴galeae
554 964 603 1002 (9-
617 952 722 1017 clypei
731 988 742 1006 ‚
756 958 994 1017 Romanaque
997 952 1108 1014 pila.)

264 1017 482 1079 Scytharum
491 1020 634 1065 acinam·
641 1057 656 1072 ,
670 1034 719 1069 (9·
725 1018 910 1082 pharetris
921 1021 1053 1086 impqs.

198 1085 249 1134 fn
260 1103 329 1150 quo
341 1083 551 1149 degenerum
561 1084 684 1133 cecidit
682 1087 766 1150 spes
776 1104 886 1133 tanta
897 1101 1066 1151 nepotum

265 1153 308 1199 ἃ
323 1151 519 1199 Chrifi‘iani
527 1154 672 1200 nomines
683 1173 808 1218 regum
819 1154 935 1208 decus,

199 1221 369 1284 Qorum
381 1217 468 1266 dum
469 1219 576 1283 glzcit
583 1222 706 1279 furor,
721 1233 771 1270 (9-
782 1219 956 1283 discordia
967 1219 1122 1276 demens,

265 1284 496 1350 ,Absttmpta
508 1287 545 1335 in
555 1287 791 1353 aurasprfia
804 1288 1051 1355 cessitglorim
1062 1324 1071 1334 .

340 1415 446 1465 Sube
478 1419 593 1487 1giQ,
663 1421 1052 1469 GEORGII
1120 1422 1644 1474 CASTRIOTI

653 1487 972 1537 Scanderbechi
986 1491 1100 1556 Epiri
1114 1495 1337 1557 principis.

465 1655 478 1666 ν
513 1626 546 1672 E
558 1637 599 1673 M
610 1639 645 1672 Ο
658 1623 887 1672 Christiani
901 1628 1089 1672 nominis
1105 1630 1305 1691 princeps
1318 1641 1387 1673 aut
1401 1631 1786 1694 imperator‚Geor

514 1698 586 1758 gio
600 1691 821 1740 Castrioto
835 1691 1133 1739 vehementius
1157 1708 1283 1757 atque
1298 1693 1464 1740 felicius
1479 1714 1599 1741 arma
1614 1696 1787 1744 Turca-

516 1778 611 1806 rum
625 1763 814 1806 exercuit
830 1778 840 1811 3
856 1776 987 1804 nemo
1002 1756 1269 1823 frequentius
1283 1765 1372 1806 acie
1387 1763 1525 1807 victor
1539 1766 1690 1810 extitit.
1708 1767 1745 1809 Is
1760 1764 1785 1809 xa

476 1829 478 1834 ‘
518 1825 716 1873 Barbaris
729 1828 754 1872 S
765 1823 1086 1872 canderbechus
1101 1824 1159 1871 est
1174 1825 1420 1890 appellatus
1433 1829 1550 1873 Nam
1567 1844 1685 1892 pater
1697 1834 1787 1875 eius

515 1896 694 1939 Ioannes
707 1928 717 1945 ‚
731 1909 862 1956 quum
876 1896 917 1937 in
934 1893 1064 1956 Epiro
1078 1928 1088 1945 ,
1105 1910 1237 1957 eaque
1252 1909 1373 1957 parte
1398 1896 1672 1941 Macedonia:
1686 1914 1780 1961 quae

197 1963 252 2007 ad
270 1963 570 2008 Hadriaticum
583 1963 734 2023 vergit,
752 1973 972 2022 regnaret,
988 1977 1066 2006 nec
1078 1959 1259 2006 finitima
1275 1960 1523 2007 Turcarum
1539 1980 1658 2007 arma
1671 1961 1785 2008 susti-

197 2043 332 2081 neret,
346 2027 409 2073 his
421 2026 582 2092 legibus
597 2024 649 2072 ab
667 2024 909 2071 Amurathe
923 2043 1078 2090 pacem
1091 2030 1339 2091 impetrauit
1352 2064 1362 2080 ,
1378 2043 1423 2073 vt
1437 2032 1472 2073 ei
1490 2027 1658 2075 obfides
1671 2028 1781 2076 filios

199 2093 382 2147 daret,in
397 2099 514 2160 queis
528 2098 683 2139 virtute
698 2096 829 2138 animi
844 2090 1072 2158 formaque
1086 2097 1285 2158 corporis
1310 2096 1530 2158 Georgius
1544 2094 1783 2157 plurimum

198 2159 416 2207 eminebat
430 2198 439 2207 .
482 2164 627 2225 ltaque
642 2163 759 2222 regia
772 2163 814 2204 in
829 2157 920 2206 aula
932 2153 1164 2206 liberaliter
1177 2159 1383 2206 educatus
1397 2159 1782 2225 est,instru&usque

198 2226 424 2291 diligenter
437 2244 525 2272 non
539 2226 677 2272 modo
694 2223 985 2271 Barbarorum
1000 2225 1130 2271 literis
1145 2261 1156 2278 ,
1171 2229 1211 2271 &
1227 2227 1424 2272 moribus
1439 2227 1492 2273 ad
1508 2226 1783 2274 Mahometa-

199 2311 263 2340 nae
277 2292 582 2358 superstitionis
606 2290 868 2355 disciplinam
888 2327 898 2344 ,
916 2290 987 2337 scd
1009 2296 1052 2337 in
1075 2309 1253 2337 omnem
1279 2310 1505 2339 armorum
1531 2297 1617 2339 eius
1641 2299 1779 2357 gentis

201 2364 554 2407 exercitationem
570 2395 580 2411 ,
596 2372 718 2404 tanto
730 2355 913 2403 successu
925 2393 935 2411 ‚
950 2372 994 2403 vt
1008 2372 1103 2404 ante
1117 2355 1353 2421 pubertatis
1378 2375 1511 2404 annos
1535 2359 1780 2406 Sanzachus

201 2424 440 2473 efficeretur
457 2445 468 2479 ;
484 2430 556 2490 qui
571 2423 714 2471 honos
730 2440 897 2487 magnae
922 2429 1114 2488 equitum
1129 2422 1204 2470 alae
1225 2422 1473 2488 {igniferum
1498 2430 1699 2490 exprimit
1716 2464 1725 2473 .

204 2495 303 2539 Erat
314 2508 456 2539 autem
474 2489 704 2538 Amurathi
718 2488 846 2554 longe
869 2495 1066 2537 omnium
1091 2489 1353 2555 gratissimus
1369 2510 1380 2543 3
1394 2507 1544 2556 vtpote
1569 2497 1639 2556 qui
1656 2492 1782 2540 indo-

201 2559 288 2606 lem
303 2563 409 2623 regii
423 2563 509 2605 oris
524 2575 611 2623 prae
623 2556 662 2603 se
677 2554 866 2611 ferret‚&
882 2574 971 2602 non
986 2555 1164 2604 obscura
1178 2555 1330 2603 summi
1345 2555 1473 2604 futuri
1490 2558 1609 2606 ducis
1624 2559 1784 2606 indicia

204 2624 395 2690 praebere
410 2625 629 2671 videretur
642 2659 654 2678 ‚
668 2624 789 2669 Nam
803 2622 999 2688 quotidie
1014 2641 1112 2670 cum
1138 2623 1305 2670 summa
1319 2624 1573 2672 Amurathis
1596 2624 1785 2673 obleeta-

203 2697 323 2738 tione
338 2689 558 2737 simulacra
571 2688 819 2756 praeliorum
836 2696 878 2736 in
892 2689 1032 2737 hortis
1047 2694 1175 2755 regiis
1189 2691 1318 2737 edere
1334 2708 1434 2737 cum
1450 2691 1679 2756 {equalibus
1695 2708 1785 2739 erat

203 2757 360 2812 solitus,
371 2762 413 2804 in
427 2756 580 2823 quibus
594 2756 678 2821 ipse
691 2756 879 2821 expediti
893 2756 1055 2804 consilii
1069 2762 1221 2821 vigore
1236 2794 1247 2811 ‚
1262 2760 1302 2804 &
1318 2761 1429 2803 mira
1442 2762 1480 2804 vi
1498 2763 1696 2824 corporis
1709 2795 1720 2813 ,
1736 2777 1786 2806 o-

204 2843 326 2872 mnes
344 2839 462 2870 aetate
473 2823 728 2888 grandiores
741 2822 976 2888 superabat,
992 2841 1177 2887 eumque
1192 2823 1358 2871 idcirco
1374 2824 1650 2880 Ammatha,
1664 2825 1788 2891 quod

204 2891 326 2957 supra
339 2889 530 2937 militaris
544 2894 673 2936 aetatis
688 2905 858 2955 tempus
880 2908 1074 2955 procerae
1098 2889 1262 2936 staturae
1288 2890 1601 2957 praestantisque
1625 2896 1784 2956 ingenii

203 2958 467 3006 indomitum
481 2954 615 3003 robur
628 2955 934 3011 ostenderet,in
951 2956 1094 3004 Afiam
1109 2955 1218 3003 mifit
1229 2956 1429 3004 aduersus
1442 2957 1602 3006 Cilici'ae
1618 2977 1780 3024 regem,

206 3043 296 3091 quo
312 3023 425 3071 bello
448 3022 659 3071 summam
674 3022 844 3071 laudem
868 3022 995 3071 rebus
1010 3021 1182 3071 fortiter
1205 3022 1330 3088 gestis
1346 3022 1406 3071 est
1428 3024 1673 3073 consecutus
1686 3063 1701 3080 ,
1724 3025 1784 3072 ob

205 3092 336 3159 idque
348 3090 589 3159 pleniorem
604 3125 618 3148 ,
634 3090 756 3158 quod
767 3089 962 3158 singulari
976 3095 1209 3145 certamine
1224 3091 1432 3157 Scytham
1447 3091 1679 3142 multarum
1693 3089 1782 3155 pal-

1615 3172 1787 3205 marum
