2252 3624
556 198 795 245 LrssER
853 194 1243 263 QVARTVS:
1667 196 1744 264 165

407 290 660 360 Subffgiss,
693 295 1236 347 VITELLIORVM
1279 293 1494 345 Fratrum.

179 547 201 572 κ,
244 507 309 579 a
345 475 380 578 3

478 429 516 475 A
530 448 554 477 c
587 447 670 476 vna
682 427 831 476 latiore
845 434 884 476 in
898 430 1039 478 tabula
1053 430 1220 479 Vitellii
1236 447 1424 498 quatuor
1436 437 1630 497 germani
1661 431 1746 482 fra-

475 513 557 543 tres
571 514 667 543 cum
683 496 774 543 sene
785 513 903 561 patre
916 497 1244 561 conspiciuntur,
1265 517 1372 563 quos
1395 499 1637 546 admirabili
1655 518 1745 548 me-

476 562 555 609 diae
569 567 697 608 artatis
710 568 859 627 vigore
871 581 996 627 atque
1012 562 1154 609 illustri
1171 563 1331 611 bellica:
1348 565 1482 612 laudis
1497 565 1613 613 fama
1624 565 1738 615 flore

475 645 536 675 tes
550 666 560 682 ‚
573 630 716 676 inuida
727 635 871 675 virtuti
883 646 979 676 ante
994 630 1110 676 diem
1128 634 1306 675 immitis
1321 648 1447 695 parca
1472 632 1671 697 surripuit
1685 671 1696 681 .

174 728 178 734 .
478 698 573 742 Hos
589 695 799 742 Nicolaus
813 713 933 760 pater
945 694 1039 761 post
1053 694 1229 759 longam
1255 702 1576 743 contentionem
1598 702 1741 748 eiecto

160 758 320 806 Iustino
334 761 503 817 aemulo,
519 778 644 828 atque
656 780 709 808 eo
724 762 900 808 demum
915 761 1141 808 interfecto
1157 798 1166 815 ‚
1183 768 1223 807 in
1239 767 1374 826 patria
1397 762 1631 826 Tipherno
1649 784 1739 814 non

163 825 353 873 obscura:
365 834 566 892 potentia:
580 833 866 894 principatum
881 829 1073 894 adeptus,
1085 833 1126 874 in
1142 827 1407 893 disciplinam
1425 831 1631 893 Virginio
1651 835 1739 880 Vr.

160 891 252 939 fino
266 894 444 941 tradidit
457 932 468 949 ,
481 900 657 960 quitum
672 899 979 943 Romanorum
994 899 1231 943 Procerum
1247 894 1471 959 splendore
1487 896 1643 943 domus
1661 935 1672 951 ‚
1697 903 1739 946 &

159 959 305 1006 multis
320 960 478 1007 militia?
487 966 616 1026 partis
633 960 874 1008 honoribus
886 979 976 1010 erat
992 962 1258 1009 clarissimus.
1277 962 1385 1028 Qa
1397 961 1632 1009 liberorum
1651 970 1739 1010 ani-

158 1026 279 1073 mosa
290 1026 411 1092 prole
425 1045 549 1093 atque
562 1046 611 1075 ea
622 1030 746 1074 enixe¹
755 1030 810 1075 ad
825 1029 1038 1076 summum
1055 1030 1214 1075 militia?
1228 1030 1357 1076 decus
1373 1029 1739 1095 comedentmpla-

158 1098 212 1141 ne
230 1095 374 1140 beatus
389 1094 510 1141 senex
524 1109 643 1160 pater
655 1095 790 1142 videri
807 1101 1097 1162 potuit,quum
1113 1097 1324 1143 excedens
1339 1095 1652 1149 vita,familiam
1668 1115 1740 1145 cer

158 1160 325 1208 tissimo
340 1160 587 1208 militarium
600 1166 800 1208 iuuenum
815 1163 1011 1228 praesidio
1026 1163 1291 1210 confirmasse
1306 1163 1564 1216 crederetur,
1578 1164 1650 1210 nisi
1666 1183 1741 1212 oc-

158 1227 316 1275 cultior
331 1225 545 1293 aliquavis
570 1226 642 1275 fati
658 1228 809 1276 adultae
833 1234 919 1276 iam
944 1235 1087 1277 virtuti
1111 1231 1332 1294 indignam
1357 1234 1740 1296 atqueinexpetffit-

157 1311 247 1341 tam
263 1301 497 1358 perniciem
512 1294 703 1343 attuliffet
718 1332 727 1341 .
742 1299 954 1361 Praecipiti
970 1315 1135 1361 nanque
1150 1301 1310 1360 impetu
1325 1296 1499 1343 fortuna
1513 1302 1554 1344 in
1572 1298 1740 1346 Vitellii

158 1365 350 1409 nominis
364 1359 558 1408 sobolem
575 1367 809 1416 incurrens,
823 1381 873 1408 ex
891 1362 1007 1409 breui
1023 1362 1245 1409 interuallo
1264 1362 1449 1427 singulos
1475 1363 1655 1429 perculit
1680 1380 1740 1412 at-

160 1446 245 1495 que
260 1425 788 1492 prostrauit‚miserabilem
805 1428 946 1476 hercle
961 1435 1000 1475 in
1017 1431 1200 1476 modum
1217 1467 1227 1483 ‚
1244 1431 1418 1495 quando
1433 1436 1590 1496 partim
1606 1429 1737 1486 foeda,

160 1501 318 1562 partim
336 1494 511 1558 ignobili
530 1511 670 1542 morte
686 1497 1154 1543 conciderint.10annes
1168 1496 1376 1562 siquidem
1392 1511 1489 1544 na-tu
1506 1502 1736 1553 maximus,

160 1581 296 1629 quum
312 1562 365 1608 ad
382 1564 619 1609 Auximum
637 1565 781 1610 Piceni
798 1562 948 1610 vrbem
965 1570 1005 1609 in
1020 1570 1341 1629 oppugnatione
1355 1563 1741 1619 versaretur,imma

162 1636 202 1677 ni
220 1646 440 1676 tormento
454 1628 687 1694 discerptus
702 1635 859 1676 interiit
873 1667 882 1676 .
919 1631 1124 1678 Camillus
1151 1632 1250 1678 huic
1263 1637 1487 1696 proximus
1503 1668 1513 1686 ‚
1530 1636 1570 1677 in
1585 1631 1743 1696 Apulia

163 1696 400 1744 Circellum
414 1697 626 1761 oppidum
641 1696 832 1761 appolita
846 1696 950 1744 scala
964 1698 1251 1744 conscendere
1265 1702 1302 1745 &
1319 1716 1472 1762 capere
1487 1699 1740 1753 contendes,

160 1764 317 1812 molari
333 1767 471 1828 prope
484 1762 626 1828 lapide
641 1763 817 1827 superne
832 1765 1000 1810 deletae
1015 1800 1025 1816 ,
1042 1769 1327 1829 nequicquam
1352 1779 1606 1829 protegente
1619 1765 1739 1828 galea.

161 1829 380 1897 oppressus
396 1829 454 1876 est
469 1868 478 1877 .
517 1833 553 1876 ls
566 1846 655 1875 turn
673 1829 809 1877 Gallis
823 1866 834 1882 ,
853 1833 1144 1896 Virginioque
1160 1830 1258 1876 duci
1282 1848 1461 1895 operam
1478 1830 1657 1876 manabat
1672 1868 1682 1884 ‚
1699 1836 1741 1879 &

161 1899 305 1945 multis
321 1896 433 1943 bello
448 1895 633 1942 fortibus
647 1894 766 1943 faffis
781 1933 792 1950 ‚
807 1897 1108 1960 pugnacissimi
1123 1898 1242 1944 ducis
1257 1897 1426 1943 laudem
1441 1915 1494 1942 eo
1508 1897 1743 1963 praesertim

161 1965 233 2012 die
248 1963 385 2010 fuerat
398 1962 694 2028 consequutus,
710 1980 797 2028 quo
809 1982 897 2009 non
911 1963 1065 2029 procul
1079 1964 1103 2009 ὲ
1120 1968 1299 2011 Luceria
1315 1966 1639 2010 Germanorum
1654 1970 1742 2011 inte

159 2049 288 2095 gram
304 2029 555 2095 phalangem
575 2032 809 2094 Aragoniis
823 2030 1104 2084 militantem,
1122 2031 1304 2077 inducitis
1320 2033 1358 2078 ὃ(
1377 2030 1480 2094 saepe
1496 2032 1743 2077 circumdu-

160 2101 236 2145 &is
251 2104 292 2144 in
307 2097 461 2144 orbem
476 2096 696 2161 sagittariis
712 2097 924 2161 equitibus
940 2097 1343 2145 deleuerat.Primus
1357 2102 1399 2142 in
1414 2096 1530 2143 Italia
1542 2097 1744 2162 sclopetta

161 2169 328 2213 riorum
342 2170 532 2228 equitum
549 2181 733 2210 turmam
751 2163 926 2211 instituit
938 2202 948 2218 ,
963 2165 1083 2229 quod
1100 2170 1290 2229 equitum
1306 2181 1437 2228 genus
1458 2162 1744 2229 posteainter-

161 2231 328 2280 missum
345 2230 554 2296 est‚quum
570 2235 699 2276 nimia
715 2246 838 2296 atque
853 2230 1028 2277 inhabili
1042 2230 1235 2296 sclopetti
1251 2230 1518 2295 longitudine
1532 2231 1744 2295 praepedi-

161 2297 380 2351 rentur5sic
394 2314 436 2344 vt
452 2297 587 2344 hodie
600 2315 687 2343 non
704 2303 911 2344 miremur
923 2296 1144 2343 breuiores
1159 2300 1196 2343 ὃ(
1212 2297 1398 2343 leuiores
1412 2332 1423 2350 ,
1439 2301 1605 2362 aptiore
1621 2297 1744 2342 indu-

162 2364 262 2412 stria
273 2365 297 2410 ὲ
312 2367 542 2412 Germanis
556 2362 768 2410 institutos
783 2401 793 2418 ,
809 2368 881 2429 qui
896 2362 1047 2410 nostris
1060 2381 1194 2428 nuper
1207 2361 1367 2409 hastitis
1382 2361 1592 2428 equitibus
1607 2367 1743 2409 maxi-

167 2450 246 2483 mo
261 2448 414 2478 terrori
428 2435 469 2477 in
487 2432 723 2480 Germania
737 2428 908 2477 fuerint.
926 2432 1121 2476 Moriens
1138 2428 1347 2475 Camillus
1364 2427 1590 2477 Vitellium
1604 2429 1741 2477 filium

162 2497 482 2562 reliquit‚quem
496 2499 677 2546 Venetis
693 2490 733 2544 &
748 2513 931 2562 quatuor
955 2495 1236 2544 Pontificibus
1251 2532 1260 2548 ,
1276 2500 1334 2541 vti
1350 2511 1440 2541 erat
1452 2494 1614 2542 bellicae
1628 2501 1741 2543 ratio

163 2569 228 2612 nis
244 2568 282 2612 ὅ(
299 2563 420 2610 multi
436 2562 596 2612 consilii
612 2568 807 2629 apprime
830 2581 986 2627 gnarus
999 2600 1009 2616 ‚
1026 2568 1256 2626 impigram
1281 2561 1542 2628 fidelemque
1559 2580 1740 2628 operam

162 2630 327 2678 nauasse
340 2631 524 2677 vidimus
541 2667 552 2677 .
587 2633 806 2678 Caeterum
820 2634 862 2676 in
888 2629 1019 2677 Paulo
1034 2634 1074 2678 ὅ(
1099 2628 1340 2676 Vitellocio
1356 2645 1474 2676 aetate
1498 2629 1738 2676 minoribus

161 2703 226 2744 vis
240 2698 392 2744 ardens
406 2697 755 2763 impauidianimi
769 2733 780 2749 ‚
795 2701 833 2744 &
857 2702 900 2744 in
912 2697 1053 2744 arduis
1080 2695 1179 2743 belli
1204 2695 1362 2743 casibus
1379 2696 1489 2743 mire
1514 2694 1662 2743 efficax
1677 2701 1736 2743 ita

164 2769 317 2811 enituit
333 2778 400 2817 ‚vt
414 2779 592 2829 vterque
605 2763 659 2811 ad
682 2763 874 2811 militaris
899 2768 1068 2830 imperii
1095 2781 1254 2810 nomen
1270 2781 1356 2809 non
1383 2778 1545 2809 temere
1556 2761 1739 2828 aspirare

164 2830 321 2879 milites
336 2830 561 2878 crederent
575 2868 584 2877 .
601 2830 751 2878 Paulus
767 2836 940 2896 ingenio
955 2829 1158 2878 excelsior
1172 2866 1182 2883 ,
1200 2833 1239 2877 ὃ(
1254 2831 1402 2877 iudicii
1416 2834 1622 2894 grauitate
1632 2847 1740 2895 prae-

162 2897 340 2947 stantior
353 2897 629 2962 expediendis
643 2896 970 2964 confiliis,atque
983 2902 1111 2944 armis
1128 2896 1473 2962 promptissimus
1487 2895 1739 2950 habebatur3

161 2964 235 3012 sed
246 2963 464 3028 aliquanto
479 2961 648 3011 fortasse
663 2963 846 3011 seuerior
857 2968 895 3012 &
912 2964 1199 3030 iiruionqu‘od
1215 2964 1499 3010 dormitantes
1514 2961 1662 3028 vigiles
1679 2968 1747 3009 im·

164 3049 277 3097 pune
291 3029 491 3084 interfici,
507 3033 548 3078 ὅ(
561 3030 836 3095 sclopettariis
853 3030 1041 3078 hostium
1057 3035 1191 3096 captis
1205 3035 1292 3077 erui
1308 3029 1458 3078 oculos
1470 3067 1482 3085 ,
1497 3033 1538 3078 &
1561 3029 1739 3096 praecidi

164 3114 315 3147 manus
327 3094 515 3154 iuberet,
529 3097 651 3166 quod
672 3097 898 3164 indignum
913 3097 992 3149 effe
1015 3097 1234 3148 videretur
1257 3096 1475 3148 strenuum
1489 3096 1592 3210 [κρῖ
1615 3094 1742 3141 nobi-

189 3188 192 3189 γ
301 3186 305 3187 ff
533 3172 537 3175 ι
1587 3175 1742 3225 emque

273 701 288 713 ο
318 699 358 728 'l'

310 725 326 743 ἰ
