2252 3624
441 187 515 237 162

448 292 567 344 Rex
586 286 759 340 Gallus
774 282 859 358 qui
870 280 951 339 vel
967 281 1149 337 nolens
1167 282 1384 338 domum
1400 298 1543 337 tuam
1568 279 1654 336 suo
1671 280 1861 358 impetu
1890 306 2032 342 euer-

443 371 572 428 tit‚te
594 359 842 435 praeclaro
873 359 1108 436 exemplo
1125 360 1370 417 admonet
1383 403 1396 425 ,
1414 374 1470 414 vt
1483 363 1786 434 irruptiones
1803 376 2029 418 externa-

445 462 563 494 rum
580 442 823 513 gentium,
843 458 1061 513 quarum
1078 442 1148 493 vis
1163 436 1595 493 vehementissima
1610 435 2032 514 intolerandaque

445 516 526 569 eff
519 538 544 570 e
561 516 829 578 consueuit,
835 519 980 588 graui
994 531 1299 592 maturoque
1310 513 1520 569 confilio
1540 513 1835 569 auertendas
1849 519 2028 589 potius,

448 593 602 668 quam
619 601 882 654 armorum
898 588 1080 646 fiducia
1095 590 1394 649 sustinendas
1412 590 1733 646 arbitrere.In
1746 589 1876 645 hanc
1890 597 2031 645 enim

446 667 655 743 publicae
672 668 1026 739 salutiscuram
1043 670 1100 723 &
1129 668 1344 723 Cosmus
1359 711 1372 731 ,
1395 670 1453 723 8<
1481 671 1782 723 Laurentius
1812 670 2032 723 maiores

443 749 517 798 tui
533 744 745 800 summa?
757 743 1038 819 prudentiae
1052 748 1145 800 viri
1159 745 1353 819 semper
1367 743 1692 808 excubarunt‚
1712 762 1767 799 vt
1780 761 2030 819 quantum

449 820 658 873 consilio
675 820 895 896 praestari
905 820 1026 895 poff
1019 837 1082 886 et,
1103 836 1311 878 externa
1327 842 1466 876 arma
1484 821 1771 897 longissime
1788 839 2031 886 arcerent3

447 900 630 972 Neque
648 903 785 951 enim
798 896 943 951 aliter
956 899 1110 973 quam
1123 897 1198 955 his
1223 897 1635 953 inundationibus
1652 898 1800 952 obrui
1826 897 1885 950 ὃς
1913 919 2033 953 con-

446 971 563 1026 uelli
577 972 751 1047 potest,
769 972 849 1026 hic
863 990 977 1028 tuus
992 977 1299 1050 principatus
1314 1017 1327 1038 ‚
1344 975 1478 1030 haud
1495 974 1641 1029 dubie
1659 974 1766 1029 fato
1785 973 1925 1027 datus
1939 1017 1953 1039 ,
1973 976 2034 1031 ὃς

445 1048 658 1104 mirifica
675 1050 885 1104 demum
900 1064 986 1102 tua
1013 1055 1199 1104 virtute
1225 1050 1558 1107 confirmatus
1575 1094 1587 1115 ,
1618 1050 2033 1127 quandoquidem

445 1125 588 1183 nulla
601 1130 818 1178 omnino
837 1125 1063 1179 intestina
1077 1129 1211 1180 fraus
1240 1127 1602 1183 extimescenda
1616 1128 2034 1205 videatur,agenti

520 1205 807 1273 Principem
837 1200 1075 1254 absolutae
1103 1206 1287 1274 pietatis
1317 1219 1463 1277 atque
1488 1203 1686 1259 iusticiae
1718 1205 1954 1280 auspiciis,

633 1275 837 1350 qualem
859 1279 911 1328 in
941 1274 1078 1329 recte
1107 1276 1373 1330 constituta
1399 1278 1678 1352 Republica
1700 1287 1846 1357 aeque

793 1350 916 1405 boni
934 1350 1153 1426 malique
1169 1356 1296 1405 ciues
1314 1354 1679 1427 optatissimum

1005 1427 1086 1481 eff
1079 1449 1105 1481 e
1133 1427 1443 1485 confitentur
1458 1472 1470 1483 .

1460 3180 2025 3245 ELOGIORVM
